<collection xmlns="http://www.loc.gov/MARC21/slim">
<record>
  <leader>00929nam0a22002291i 450 </leader>
  <controlfield tag="001">IT\ICCU\CNCE\067425</controlfield>
  <controlfield tag="005">20100426000000.0</controlfield>
  <datafield tag="012" ind1=" " ind2=" ">
    <subfield code="a">a-m- n-a- a,a- olom (C) 1568 (R)</subfield>
    <subfield code="2">fei</subfield>
  </datafield>
  <datafield tag="100" ind1=" " ind2=" ">
    <subfield code="a">20060907d1568        0itac0103    ba</subfield>
  </datafield>
  <datafield tag="101" ind1=" " ind2=" ">
    <subfield code="a">LAT</subfield>
  </datafield>
  <datafield tag="102" ind1=" " ind2=" ">
    <subfield code="a">IT</subfield>
  </datafield>
  <datafield tag="200" ind1="1" ind2=" ">
    <subfield code="a">Constitutiones diocesanae  Synodi Tudertinae, sub reuerendissimo patre domino Angelo Caesio, Dei, &amp; apostolicae sedis gratia episcopo Tudertino</subfield>
  </datafield>
  <datafield tag="210" ind1=" " ind2=" ">
    <subfield code="e">Perusiae</subfield>
    <subfield code="g">ex officina Andreae Brixiani</subfield>
    <subfield code="h">1568</subfield>
  </datafield>
  <datafield tag="215" ind1=" " ind2=" ">
    <subfield code="a">\24! c.</subfield>
    <subfield code="d">8ʻ</subfield>
  </datafield>
  <datafield tag="620" ind1=" " ind2=" ">
    <subfield code="a">IT</subfield>
    <subfield code="d">Perugia</subfield>
  </datafield>
  <datafield tag="710" ind1="0" ind2="2">
    <subfield code="a">Todi</subfield>
    <subfield code="c"> &lt;Diocesi&gt;</subfield>
    <subfield code="3">7473</subfield>
  </datafield>
  <datafield tag="712" ind1="0" ind2="0">
    <subfield code="a">Bresciano, Andrea</subfield>
    <subfield code="3">IT\ICCU\CNCT\000299</subfield>
    <subfield code="4">650</subfield>
  </datafield>
  <datafield tag="791" ind1="0" ind2="2">
    <subfield code="a">Ecclesia Tudertina</subfield>
    <subfield code="3">25265</subfield>
    <subfield code="z">Todi &lt;Diocesi&gt;</subfield>
  </datafield>
  <datafield tag="791" ind1="0" ind2="0">
    <subfield code="a">Fracassini,  Andrea</subfield>
    <subfield code="3">IT\ICCU\CNCT\003063</subfield>
    <subfield code="z">Bresciano, Andrea</subfield>
  </datafield>
  <datafield tag="791" ind1="0" ind2="0">
    <subfield code="a">Brixianus, Andreas</subfield>
    <subfield code="3">IT\ICCU\CNCT\004773</subfield>
    <subfield code="z">Bresciano, Andrea</subfield>
  </datafield>
  <datafield tag="801" ind1=" " ind2="3">
    <subfield code="a">IT</subfield>
    <subfield code="b">ICCU</subfield>
    <subfield code="c">20201115</subfield>
  </datafield>
  <datafield tag="899" ind1=" " ind2=" ">
    <subfield code="a">Biblioteca universitaria Alessandrina. Roma</subfield>
    <subfield code="1">RM0280</subfield>
    <subfield code="2">RML 01</subfield>
  </datafield>
</record>
</collection>
